<record><leader>00000cas a22000007a 4500</leader><controlfield tag="001">78622628</controlfield><controlfield tag="008">070117c20009999mauwr ne      0   a0eng c</controlfield><datafield ind1=" " ind2=" " tag="010"><subfield code="a">  2009204465</subfield></datafield><datafield ind1=" " ind2=" " tag="040"><subfield code="a">BRL</subfield><subfield code="b">eng</subfield><subfield code="c">BRL</subfield><subfield code="d">DLC</subfield><subfield code="d">OCLCQ</subfield></datafield><datafield ind1=" " ind2=" " tag="012"><subfield code="m">1</subfield></datafield><datafield ind1="1" ind2=" " tag="022"><subfield code="a">2152-470X</subfield><subfield code="l">2152-470X</subfield><subfield code="2">1</subfield></datafield><datafield ind1=" " ind2=" " tag="032"><subfield code="a">008084</subfield><subfield code="b">USPS</subfield></datafield><datafield ind1=" " ind2=" " tag="037"><subfield code="b">Community Newspaper Co., 150 Baker Ave. Ext., Concord, MA 01742</subfield></datafield><datafield ind1=" " ind2=" " tag="042"><subfield code="a">pcc</subfield><subfield code="a">nsdp</subfield></datafield><datafield ind1="1" ind2="0" tag="050"><subfield code="a">ISSN RECORD</subfield></datafield><datafield ind1="1" ind2="0" tag="082"><subfield code="a">071</subfield><subfield code="2">14</subfield></datafield><datafield ind1=" " ind2="0" tag="222"><subfield code="a">Tewksbury advocate</subfield></datafield><datafield ind1="0" ind2="0" tag="245"><subfield code="a">Tewksbury advocate.</subfield></datafield><datafield ind1=" " ind2=" " tag="260"><subfield code="a">Concord, MA :</subfield><subfield code="b">Community Newspaper Co.</subfield></datafield><datafield ind1=" " ind2=" " tag="300"><subfield code="a">v.</subfield></datafield><datafield ind1=" " ind2=" " tag="310"><subfield code="a">Weekly</subfield></datafield><datafield ind1="0" ind2=" " tag="362"><subfield code="a">Vol. 44, no. 31 (Aug. 31, 2000)-</subfield></datafield><datafield ind1=" " ind2=" " tag="588"><subfield code="a">Latest issue consulted: Vol. 52, no. 31 (Sept. 10, 2009) (surrogate).</subfield></datafield><datafield ind1=" " ind2=" " tag="752"><subfield code="a">United States</subfield><subfield code="b">Massachusetts</subfield><subfield code="c">Middlesex</subfield><subfield code="d">Concord.</subfield></datafield><datafield ind1=" " ind2=" " tag="752"><subfield code="a">United States</subfield><subfield code="b">Massachusetts</subfield><subfield code="c">Middlesex</subfield><subfield code="d">Tewksbury.</subfield></datafield><datafield ind1="0" ind2="0" tag="780"><subfield code="t">Tewksbury advertiser</subfield><subfield code="x">1082-2291</subfield><subfield code="w">(DLC)sn 94055641</subfield><subfield code="w">(OCoLC)31297961</subfield></datafield></record>